@article{FAO-56,
  title={{Crop evapotranspiration -- Guidelines for computing crop water requirements}},
  author={Allen, R.G. and Pereira, L.S. and Raes, D. and Smith, M.},
  journal={FAO Irrigation and Drainage Paper},
  year={1998},
  publisher={FAO},
  volume="56",
  isbn="92-5-104219-5",
  url="http://www.fao.org/docrep/x0490e/x0490e00.htm"
}
@book{wmo2008,
  title={{Guide to Meteorological Instruments and Methods of Observation}},
  author={World Meteorological Organization},
  publisher="World Meteorological Organization",
  year={2008},
  edition="Seventh",
  isbn="978-92-63-100085",
  url="http://www.wmo.int/pages/prog/www/IMOP/publications/CIMO-Guide/CIMO%20Guide%207th%20Edition,%202008/CIMO_Guide-7th_Edition-2008.pdf",
  address="Geneva",
  number="WMO-No. 8"
}
@techreport{wilcox2008users,
  title={{Users Manual for TMY3 Data Sets}},
  author={Wilcox, S. and Marion, W.},
  year={2008},
  url="http://www.nrel.gov/docs/fy08osti/43156.pdf",
  institution="National Renewable Energy Laboratory",
  number="TP-581-43156",
  month="May",
  address="Golden, CO"

}
